%Export citations from [http://dblp.uni-trier.de/](http://dblp.uni-trier.de/)
%If websites do not have a author, set the title as author.
@webpage{API,
    Author = {Hacker News},
    Title = {Hacker News API},
    Url = {[https://github.com/HackerNews/API](https://github.com/HackerNews/API)},
    Year = {2021}
    }

@webpage{githubDataset,
    Author = {Masatoshi Nishimura},
    Title = {HackerNews Post Datasets},
    Url = {[https://github.com/massanishi/hackernews-post-datasets](https://github.com/massanishi/hackernews-post-datasets)},
    Year = {2020}
    }

@webpage{readability,
    Author = {Mozilla},
    Title = {Mozilla's Readability},
    Url = {[https://github.com/mozilla/readability](https://github.com/mozilla/readability)},
    Year = {2021}
    }
    
@webpage{jsdom,
    Author = {jsdom},
    Title = {jsdom},
    Url = {[https://github.com/jsdom/jsdom](https://github.com/jsdom/jsdom)},
    Year = {2021}
    }
    
@webpage{node-fetch,
    Author = {node-fetch},
    Title = {node-fetch},
    Url = {[https://www.npmjs.com/package/node-fetch](https://www.npmjs.com/package/node-fetch)},
    Year = {2021}
    }
    

@webpage{jq,
    Author = {jq},
    Title = {jq},
    Url = {[https://stedolan.github.io/jq/](https://stedolan.github.io/jq/)},
    Year = {2021}
    }
    
@webpage{pandas,
    Author = {pandas},
    Title = {pandas},
    Url = {[https://pandas.pydata.org/](https://pandas.pydata.org/)},
    Year = {2021}
    }
    
@webpage{numpy,
    Author = {numpy},
    Title = {numpy},
    Url = {[https://numpy.org/](https://numpy.org/)},
    Year = {2021}
    }